@article{鈴木:論文06,
	author   = {鈴木太郎，鈴木次郎},
	journal  = {電子情報通信学会論文誌D},
	number   = {6},
	pages    = {106-112},
	title    = {{bibファイルについて}},
	volume   = {J80-D},
	year     = {2006},
}
